<record><leader>00000cas a22000007a 4500</leader><controlfield tag="001">12745743</controlfield><controlfield tag="008">851101d19201940iauwr ne      0    0eng d</controlfield><datafield ind1=" " ind2=" " tag="010"><subfield code="a">sn 85049821 </subfield></datafield><datafield ind1=" " ind2=" " tag="040"><subfield code="a">INP</subfield><subfield code="b">eng</subfield><subfield code="c">INP</subfield><subfield code="d">OCLCQ</subfield></datafield><datafield ind1="0" ind2=" " tag="130"><subfield code="a">Times (Guthrie Center, Iowa)</subfield></datafield><datafield ind1="1" ind2="4" tag="245"><subfield code="a">The Times.</subfield></datafield><datafield ind1="1" ind2="3" tag="246"><subfield code="a">Guthrie times</subfield><subfield code="f">Apr. 15-July 15, 1920</subfield></datafield><datafield ind1=" " ind2=" " tag="260"><subfield code="a">Guthrie Center, Iowa :</subfield><subfield code="b">H.W. Stoy &amp; Son,</subfield><subfield code="c">1920-1940.</subfield></datafield><datafield ind1=" " ind2=" " tag="300"><subfield code="a">21 v. :</subfield><subfield code="b">ill.</subfield></datafield><datafield ind1=" " ind2=" " tag="310"><subfield code="a">Weekly</subfield></datafield><datafield ind1="0" ind2=" " tag="362"><subfield code="a">Vol. 37, no. 36 (Apr. 15, 1920)-v. 57, no. 38 (May 2, 1940).</subfield></datafield><datafield ind1=" " ind2=" " tag="500"><subfield code="a">"Firmness in the right as God gives us to see the right -- Lincoln."</subfield></datafield><datafield ind1=" " ind2=" " tag="500"><subfield code="a">Publishers: H.W. Stoy &amp; Son, Apr. 15, 1920-Apr. 7, 1927; Gus G. Stoy, Apr. 14, 1927-Feb. 11, 1937; Gus G. Stoy &amp; Earle G. Stoy, Feb. 18, 1937-May 2, 1940.</subfield></datafield><datafield ind1=" " ind2=" " tag="500"><subfield code="a">Editors: H.W. Stoy &amp; Son, Apr. 15, 1920-May 13, 1926; Gus G. Stoy, May 20, 1926-Feb. 11, 1937; Gus G. Stoy &amp; Earle G. Stoy, Feb. 18, 1937-May 2, 1940.</subfield></datafield><datafield ind1=" " ind2=" " tag="752"><subfield code="a">United States</subfield><subfield code="b">Iowa</subfield><subfield code="c">Guthrie</subfield><subfield code="d">Guthrie Center.</subfield></datafield><datafield ind1="0" ind2="0" tag="780"><subfield code="t">Guthrie times</subfield><subfield code="w">(DLC)sn 85049820</subfield></datafield><datafield ind1="0" ind2="0" tag="785"><subfield code="t">Guthrie Center times (Guthrie Center, Iowa : 1940)</subfield><subfield code="w">(DLC)sn 85049822</subfield></datafield></record>